<record><leader>00000cas a2200000   4500</leader><controlfield tag="001">6476014</controlfield><controlfield tag="008">800701d1980198unjuwr ne      0   a0eng d</controlfield><controlfield tag="009">467</controlfield><datafield ind1=" " ind2=" " tag="010"><subfield code="a">sn 80001143 </subfield></datafield><datafield ind1=" " ind2=" " tag="040"><subfield code="a">NSD</subfield><subfield code="b">eng</subfield><subfield code="c">NSD</subfield><subfield code="d">OCL</subfield><subfield code="d">OCLCQ</subfield></datafield><datafield ind1=" " ind2=" " tag="012"><subfield code="k">1</subfield><subfield code="l">1</subfield><subfield code="m">d</subfield></datafield><datafield ind1="1" ind2=" " tag="022"><subfield code="a">0274-6646</subfield><subfield code="l">0274-6646</subfield><subfield code="2">1</subfield></datafield><datafield ind1=" " ind2=" " tag="042"><subfield code="a">nsdp</subfield></datafield><datafield ind1=" " ind2="0" tag="222"><subfield code="a">United suburban news</subfield></datafield><datafield ind1="0" ind2="0" tag="245"><subfield code="a">United suburban news.</subfield></datafield><datafield ind1=" " ind2=" " tag="260"><subfield code="a">Franklin Lakes, N.J.,</subfield><subfield code="b">United Suburban News.</subfield></datafield><datafield ind1=" " ind2=" " tag="300"><subfield code="a">v.</subfield></datafield><datafield ind1=" " ind2=" " tag="310"><subfield code="a">Weekly</subfield></datafield><datafield ind1=" " ind2=" " tag="752"><subfield code="a">United States</subfield><subfield code="b">New Jersey</subfield><subfield code="c">Bergen</subfield><subfield code="d">Franklin Lakes.</subfield></datafield><datafield ind1="0" ind2="0" tag="780"><subfield code="t">Suburban news</subfield><subfield code="x">0195-0665</subfield><subfield code="w">(DLC)sn 79007422</subfield></datafield><datafield ind1="0" ind2="0" tag="785"><subfield code="t">Suburban news (Franklin Lakes, N.J. : 1981)</subfield><subfield code="x">0746-052X</subfield><subfield code="w">(DLC)sn 83008132</subfield></datafield><datafield ind1=" " ind2=" " tag="936"><subfield code="a">unknown</subfield><subfield code="a">July 23, 1980</subfield></datafield></record>